<collection xmlns="http://www.loc.gov/MARC21/slim">
<record>
  <leader>00992nam0a2200217 i 450 </leader>
  <controlfield tag="001">IT\ICCU\CNCE\015415</controlfield>
  <controlfield tag="005">20100927000000.0</controlfield>
  <datafield tag="012" ind1=" " ind2=" ">
    <subfield code="a">o.g- n-9. a.l- ni&amp;i (3) 1594 (R)</subfield>
    <subfield code="2">fei</subfield>
  </datafield>
  <datafield tag="100" ind1=" " ind2=" ">
    <subfield code="a">19970101d1594        0itac0103    ba</subfield>
  </datafield>
  <datafield tag="101" ind1=" " ind2=" ">
    <subfield code="a">ITA</subfield>
  </datafield>
  <datafield tag="102" ind1=" " ind2=" ">
    <subfield code="a">IT</subfield>
  </datafield>
  <datafield tag="200" ind1="1" ind2=" ">
    <subfield code="a">Tutte l&apos;indulgenze concesse, alli confrati, et consore del Cordone di S. Francesco. Raccolte per il r.p.m.f. Giulio da Monte Rubiano del Ordine minore conuentuale</subfield>
  </datafield>
  <datafield tag="210" ind1=" " ind2=" ">
    <subfield code="a">In Roma</subfield>
    <subfield code="c">per gli heredi di Gio. Gigliotti. Si vendono all&apos;Arco di Camigliano</subfield>
    <subfield code="d">1594</subfield>
  </datafield>
  <datafield tag="215" ind1=" " ind2=" ">
    <subfield code="a">22, \2! p.</subfield>
    <subfield code="d">12ʻ</subfield>
  </datafield>
  <datafield tag="620" ind1=" " ind2=" ">
    <subfield code="a">IT</subfield>
    <subfield code="d">Roma</subfield>
  </datafield>
  <datafield tag="710" ind1="0" ind2="2">
    <subfield code="a">Confraternita del Cordone di S. Francesco</subfield>
    <subfield code="3">IT\ICCU\CNCT\003887</subfield>
  </datafield>
  <datafield tag="702" ind1=" " ind2="0">
    <subfield code="a">Giulio</subfield>
    <subfield code="c"> : da#Monterubbiano</subfield>
    <subfield code="3">IT\ICCU\CNCA\003219</subfield>
  </datafield>
  <datafield tag="712" ind1="0" ind2="0">
    <subfield code="a">Gigliotti, Giovanni - eredi</subfield>
    <subfield code="3">IT\ICCU\CNCT\000091</subfield>
    <subfield code="4">650</subfield>
  </datafield>
  <datafield tag="790" ind1=" " ind2="1">
    <subfield code="a">Monterubbiano,</subfield>
    <subfield code="b">Giulio : da</subfield>
    <subfield code="3">IT\ICCU\CNCA\014214</subfield>
    <subfield code="z">Giulio : da#Monterubbiano</subfield>
  </datafield>
  <datafield tag="801" ind1=" " ind2="3">
    <subfield code="a">IT</subfield>
    <subfield code="b">ICCU</subfield>
    <subfield code="c">20201114</subfield>
  </datafield>
  <datafield tag="899" ind1=" " ind2=" ">
    <subfield code="a">Biblioteca Apostolica Vaticana. Citt ̉del Vaticano</subfield>
    <subfield code="1">EX0001</subfield>
    <subfield code="2">ZCV 01</subfield>
  </datafield>
</record>
</collection>
